<?xml version="1.0" encoding="UTF-8"?><collection xmlns="http://www.loc.gov/MARC21/slim"><record><leader>00587nam--2200193-u-4500</leader><controlfield tag="001">000051290</controlfield><controlfield tag="002">20161230</controlfield><controlfield tag="005">20161230201049</controlfield><controlfield tag="008">080613s1000------------r-----000-0-eng-d</controlfield><datafield ind1=" " ind2=" " tag="020"><subfield code="a">0-8218-0666-1</subfield></datafield><datafield ind1=" " ind2=" " tag="040"><subfield code="a">IFIN-HH</subfield></datafield><datafield ind1=" " ind2=" " tag="080"><subfield code="a">515</subfield></datafield><datafield ind1="1" ind2=" " tag="100"><subfield code="a">Buchstaber, V. M. ; Novikov, S. P. (Eds.)</subfield></datafield><datafield ind1="1" ind2="0" tag="245"><subfield code="a">Soliotns, Geometry, and Topology: On the Crossroad</subfield></datafield><datafield ind1=" " ind2=" " tag="260"><subfield code="a">Providence</subfield><subfield code="b">American Mathematical Society</subfield><subfield code="c">1997</subfield></datafield><datafield ind1=" " ind2=" " tag="300"><subfield code="a">189 p</subfield></datafield><datafield ind1=" " ind2=" " tag="490"><subfield code="a">Advances in the Mathematical Science. Translations Series 2 vol. 179</subfield></datafield><datafield ind1=" " ind2=" " tag="852"><subfield code="a">81463</subfield><subfield code="c">513.83</subfield></datafield><datafield ind1=" " ind2=" " tag="CAT"><subfield code="a">Sys</subfield><subfield code="c">20080613</subfield><subfield code="h">113314</subfield></datafield></record></collection>